% This file was created with JabRef 2.9.2.
% Encoding: UTF-8

% ------------- Introduction -------------

@article{borah2017analysis,
  title={Analysis of the time and workers needed to conduct systematic reviews of medical interventions using data from the PROSPERO registry},
  author={Borah, Rohit and Brown, Andrew W and Capers, Patrice L and Kaiser, Kathryn A},
  journal={BMJ open},
  volume={7},
  number={2},
  pages={e012545},
  year={2017},
  publisher={British Medical Journal Publishing Group}
}

@article{mallory2020extracting,
  title={Extracting chemical reactions from text using Snorkel},
  author={Mallory, Emily K and de Rochemonteix, Matthieu and Ratner, Alex and Acharya, Ambika and Re, Chris and Bright, Roselie A and Altman, Russ B},
  journal={BMC Bioinform},
  volume={21},
  number={1},
  pages={1--15},
  year={2020},
  publisher={Springer}
}

@article{weber2020pedl,
  title={PEDL: extracting protein--protein associations using deep language models and distant supervision},
  author={Weber, Leon and Thobe, Kirsten and Migueles Lozano, Oscar Arturo and Wolf, Jana and Leser, Ulf},
  journal={Bioinformatics},
  volume={36},
  number={Suppl\_1},
  pages={i490--i498},
  year={2020},
  publisher={Oxford University Press}
}

@article{wang2019clinical,
  title={A clinical text classification paradigm using weak supervision and deep representation},
  author={Wang, Yanshan and Sohn, Sunghwan and Liu, Sijia and Shen, Feichen and Wang, Liwei and Atkinson, Elizabeth J and Amin, Shreyasee and Liu, Hongfang},
  journal={BMC Med Inform Decis Mak},
  volume={19},
  number={1},
  pages={1--13},
  year={2019},
  publisher={Springer}
}

@article{elangovan2020assigning,
  title={Assigning function to protein-protein interactions: a weakly supervised BioBERT based approach using PubMed abstracts},
  author={Elangovan, Aparna and Davis, Melissa and Verspoor, Karin},
  journal={arXiv preprint arXiv:2008.08727},
  year={2020}
}

@article{uman2011systematic,
  title={Systematic reviews and meta-analyses},
  author={Uman, Lindsay S},
  journal={J Can Acad Child Adolesc Psychiatry},
  volume={20},
  number={1},
  pages={57},
  year={2011},
  publisher={Canadian Academy of Child and Adolescent Psychiatry}
}

@article{methley2014pico,
  title={PICO, PICOS and SPIDER: a comparison study of specificity and sensitivity in three search tools for qualitative systematic reviews},
  author={Methley, Abigail M and Campbell, Stephen and Chew-Graham, Carolyn and McNally, Rosalind and Cheraghi-Sohi, Sudeh},
  journal={BMC Health Serv Res},
  volume={14},
  number={1},
  pages={1--10},
  year={2014},
  publisher={BioMed Central}
}

@article{riva2012your,
  title={What is your research question? An introduction to the PICOT format for clinicians},
  author={Riva, John J and Malik, Keshena MP and Burnie, Stephen J and Endicott, Andrea R and Busse, Jason W},
  journal={J Can Chiropr Assoc},
  volume={56},
  number={3},
  pages={167},
  year={2012},
  publisher={The Canadian Chiropractic Association}
}

@article{yang2015automatic,
  title={Automatic detection of protected health information from clinic narratives},
  author={Yang, Hui and Garibaldi, Jonathan M},
  journal={J Biomed Inform},
  volume={58},
  pages={S30--S38},
  year={2015},
  publisher={Elsevier}
}

@article{friedlin2008software,
  title={A software tool for removing patient identifying information from clinical documents},
  author={Friedlin, F Jeff and McDonald, Clement J},
  journal={J Am Med Inform Assoc},
  volume={15},
  number={5},
  pages={601--610},
  year={2008},
  publisher={BMJ Group BMA House, Tavistock Square, London, WC1H 9JR}
}

@article{kim2017extracting,
  title={Extracting information from free-text electronic patient records to identify practice-based evidence of the performance of coronary stents},
  author={Kim, Yoon Seob and Yoon, Dukyong and Byun, JungHyun and Park, Hojun and Lee, Ahram and Kim, Il Hyun and Lee, Sukhoon and Lim, Hong-Seok and Park, Rae Woong},
  journal={PLoS One},
  volume={12},
  number={8},
  pages={e0182889},
  year={2017},
  publisher={Public Library of Science San Francisco, CA USA}
}

@article{fries2021ontology,
  title={Ontology-driven weak supervision for clinical entity classification in electronic health records},
  author={Fries, Jason A and Steinberg, Ethan and Khattar, Saelig and Fleming, Scott L and Posada, Jose and Callahan, Alison and Shah, Nigam H},
  journal={Nat. Commun},
  volume={12},
  number={1},
  pages={1--11},
  year={2021},
  publisher={Nature Publishing Group}
}

@inproceedings{meng2018weakly,
  title={Weakly-supervised neural text classification},
  author={Meng, Yu and Shen, Jiaming and Zhang, Chao and Han, Jiawei},
  booktitle={proceedings of the 27th ACM International Conference on information and knowledge management},
  pages={983--992},
  year={2018}
}

@inproceedings{mintz2009distant,
  title={Distant supervision for relation extraction without labeled data},
  author={Mintz, Mike and Bills, Steven and Snow, Rion and Jurafsky, Dan},
  booktitle={Proceedings of the Joint Conference of the 47th Annual Meeting of the ACL and the 4th International Joint Conference on Natural Language Processing of the AFNLP},
  pages={1003--1011},
  year={2009}
}


@inproceedings{menard2019turning,
  title={Turning silver into gold: error-focused corpus reannotation with active learning},
  author={M{\'e}nard, Pierre Andr{\'e} and Mougeot, Antoine},
  booktitle={Proceedings of the International Conference on Recent Advances in Natural Language Processing (RANLP 2019)},
  pages={758--767},
  year={2019}
}

@inproceedings{dhrangadhariya2021end,
  title={End-to-end fine-grained neural entity recognition of patients, interventions, outcomes},
  author={Dhrangadhariya, Anjani and Aguilar, Gustavo and Solorio, Thamar and Hilfiker, Roger and M{\"u}ller, Henning},
  booktitle={International Conference of the Cross-Language Evaluation Forum for European Languages},
  pages={65--77},
  year={2021},
  organization={Springer}
}

@inproceedings{dhrangadhariya2022distant,
  title={DISTANT-CTO: A Zero Cost, Distantly Supervised Approach to Improve Low-Resource Entity Extraction Using Clinical Trials Literature},
  author={Dhrangadhariya, Anjani and M{\"u}ller, Henning},
  booktitle={Proceedings of the 21st Workshop on Biomedical Language Processing},
  pages={345--358},
  year={2022}
}

@article{brockmeier2019improving,
  title={Improving reference prioritisation with PICO recognition},
  author={Brockmeier, Austin J and Ju, Meizhi and Przyby{\l}a, Piotr and Ananiadou, Sophia},
  journal={BMC Medical Inform Decis Mak},
  volume={19},
  number={1},
  pages={1--14},
  year={2019},
  publisher={BioMed Central}
}

@article{lison2021skweak,
  title={skweak: Weak Supervision Made Easy for NLP},
  author={Lison, Pierre and Barnes, Jeremy and Hubin, Aliaksandr},
  journal={arXiv preprint arXiv:2104.09683},
  year={2021}
}

@article{ratner2016data,
  title={Data programming: Creating large training sets, quickly},
  author={Ratner, Alexander J and De Sa, Christopher M and Wu, Sen and Selsam, Daniel and R{\'e}, Christopher},
  journal={Adv Neural Inf Process Syst},
  volume={29},
  year={2016}
}

@inproceedings{safranchik2020weakly,
  title={Weakly supervised sequence tagging from noisy rules},
  author={Safranchik, Esteban and Luo, Shiying and Bach, Stephen},
  booktitle={Proceedings of the AAAI Conference on Artificial Intelligence},
  volume={34},
  number={04},
  pages={5570--5578},
  year={2020}
}

@article{humphreys1998unified,
  title={The unified medical language system: an informatics research collaboration},
  author={Humphreys, Betsy L and Lindberg, Donald AB and Schoolman, Harold M and Barnett, G Octo},
  journal={J Am Med Inform Assoc},
  volume={5},
  number={1},
  pages={1--11},
  year={1998},
  publisher={BMJ Group BMA House, Tavistock Square, London, WC1H 9JR}
}


@inproceedings{liu2021sent2span,
    title = "{S}ent2{S}pan: Span Detection for {PICO} Extraction in the Biomedical Text without Span Annotations",
    author = "Liu, Shifeng  and
      Sun, Yifang  and
      Li, Bing  and
      Wang, Wei  and
      Bourgeois, Florence T.  and
      Dunn, Adam G.",
    booktitle = "Findings of the Association for Computational Linguistics: EMNLP 2021",
    month = nov,
    year = "2021",
    address = "Punta Cana, Dominican Republic",
    publisher = "Association for Computational Linguistics",
    pages = "1705--1715",
}


%%%%%%%%%%%%%%%%%%%%%%%%%%%%%%%%%%%%%%
% Methodology
%%%%%%%%%%%%%%%%%%%%%%%%%%%%%%%%%%%%%%

@article{mccray2001aggregating,
  title={Aggregating UMLS semantic types for reducing conceptual complexity},
  author={McCray, Alexa T and Burgun, Anita and Bodenreider, Olivier},
  journal={Studies in health technology and informatics},
  volume={84},
  number={0 1},
  pages={216},
  year={2001},
  publisher={NIH Public Access}
}

@article{califf2012characteristics,
  title={Characteristics of clinical trials registered in ClinicalTrials. gov, 2007-2010},
  author={Califf, Robert M and Zarin, Deborah A and Kramer, Judith M and Sherman, Rachel E and Aberle, Laura H and Tasneem, Asba},
  journal={Jama},
  volume={307},
  number={17},
  pages={1838--1847},
  year={2012},
  publisher={American Medical Association}
}

@article{gu2021domain,
  title={Domain-specific language model pretraining for biomedical natural language processing},
  author={Gu, Yu and Tinn, Robert and Cheng, Hao and Lucas, Michael and Usuyama, Naoto and Liu, Xiaodong and Naumann, Tristan and Gao, Jianfeng and Poon, Hoifung},
  journal={ACM Transactions on Computing for Healthcare (HEALTH)},
  volume={3},
  number={1},
  pages={1--23},
  year={2021},
  publisher={ACM New York, NY}
}

@inproceedings{abaho2019correcting,
  title={Correcting crowdsourced annotations to improve detection of outcome types in evidence based medicine},
  author={Abaho, Micheal and Bollegala, Danushka and Williamson, Paula and Dodd, Susanna},
  booktitle={CEUR Workshop Proceedings},
  volume={2429},
  pages={1--5},
  year={2019}
}

@inproceedings{lee2019study,
  title={A study on agreement in Pico span annotations},
  author={Lee, Grace E and Sun, Aixin},
  booktitle={Proceedings of the 42nd International ACM SIGIR Conference on Research and Development in Information Retrieval},
  pages={1149--1152},
  year={2019}
}

@inproceedings{nye2018corpus,
  title={A corpus with multi-level annotations of patients, interventions and outcomes to support language processing for medical literature},
  author={Nye, Benjamin and Li, Junyi Jessy and Patel, Roma and Yang, Yinfei and Marshall, Iain J and Nenkova, Ani and Wallace, Byron C},
  booktitle={Proceedings of the conference. Association for Computational Linguistics. Meeting},
  volume={2018},
  pages={197},
  year={2018},
  organization={NIH Public Access}
}

@inproceedings{lin2020cto,
  title={CTO: A community-based clinical trial ontology and its applications in PubChemRDF and SCAIView},
  author={Lin, Asiyah Yu and Gebel, Stephan and Li, Qingliang Leon and Madan, Sumit and Darms, Johannes and Bolton, Evan and Smith, Barry and Hofmann-Apitius, Martin and He, Yongqun Oliver and Kodamullil, Alpha Tom},
  booktitle={CEUR workshop proceedings},
  volume={2807},
  year={2020},
  organization={NIH Public Access}
}

@article{schriml2012disease,
  title={Disease Ontology: a backbone for disease semantic integration},
  author={Schriml, Lynn Marie and Arze, Cesar and Nadendla, Suvarna and Chang, Yu-Wei Wayne and Mazaitis, Mark and Felix, Victor and Feng, Gang and Kibbe, Warren Alden},
  journal={Nucleic Acids Res},
  volume={40},
  number={D1},
  pages={D940--D946},
  year={2012},
  publisher={Oxford University Press}
}

@article{robinson2008human,
  title={The Human Phenotype Ontology: a tool for annotating and analyzing human hereditary disease},
  author={Robinson, Peter N and K{\"o}hler, Sebastian and Bauer, Sebastian and Seelow, Dominik and Horn, Denise and Mundlos, Stefan},
  journal={Am J Hum Genet},
  volume={83},
  number={5},
  pages={610--615},
  year={2008},
  publisher={Elsevier}
}

@article{he2014oae,
  title={OAE: the ontology of adverse events},
  author={He, Yongqun and Sarntivijai, Sirarat and Lin, Yu and Xiang, Zuoshuang and Guo, Abra and Zhang, Shelley and Jagannathan, Desikan and Toldo, Luca and Tao, Cui and Smith, Barry},
  journal={J Biomed Semant},
  volume={5},
  number={1},
  pages={1--13},
  year={2014},
  publisher={BioMed Central}
}

@article{de2010chemical,
  title={Chemical entities of biological interest: an update},
  author={De Matos, Paula and Alc{\'a}ntara, Rafael and Dekker, Adriano and Ennis, Marcus and Hastings, Janna and Haug, Kenneth and Spiteri, Inmaculada and Turner, Steve and Steinbeck, Christoph},
  journal={Nucleic Acids Res},
  volume={38},
  number={Suppl\_1},
  pages={D249--D254},
  year={2010},
  publisher={Oxford University Press}
}

@article{kronk2020development,
  title={Development of the Gender, Sex, and Sexual Orientation ontology: Evaluation and workflow},
  author={Kronk, Clair A and Dexheimer, Judith W},
  journal={J Am Med Inform Assoc},
  volume={27},
  number={7},
  pages={1110--1115},
  year={2020},
  publisher={Oxford University Press}
}

@article{geifman2011towards,
  title={Towards an age-phenome knowledge-base},
  author={Geifman, Nophar and Rubin, Eitan},
  journal={BMC Bioinform},
  volume={12},
  number={1},
  pages={1--9},
  year={2011},
  publisher={BioMed Central}
}

@inproceedings{rogier2021using,
  title={Using an ontological representation of chemotherapy toxicities for guiding information extraction and integration from EHRs},
  author={Rogier, Alice and Coulet, Adrien and Rance, Bastien},
  booktitle={Medinfo 2021-18th World Congress on Medical and Health Informatics},
  year={2021}
}

@article{lin2018cancer,
  title={Cancer care treatment outcome ontology: a novel computable ontology for profiling treatment outcomes in patients with solid tumors},
  author={Lin, Frank P and Groza, Tudor and Kocbek, Simon and Antezana, Erick and Epstein, Richard J},
  journal={JCO Clin Cancer Inform},
  volume={2},
  pages={1--14},
  year={2018},
  publisher={American Society of Clinical Oncology}
}

@inproceedings{mohammed2012building,
  title={Building a diseases symptoms ontology for medical diagnosis: an integrative approach},
  author={Mohammed, Osama and Benlamri, Rachid and Fong, Simon},
  booktitle={The First International Conference on Future Generation Communication Technologies},
  pages={104--108},
  year={2012},
  organization={IEEE}
}

@article{ninot2018definition,
  title={De la d{\'e}finition des Interventions Non M{\'e}dicamenteuses (INM) {\`a} leur ontologie},
  author={Ninot, Gr{\'e}gory and Boulze-Launay, Isabelle and Bourrel, G{\'e}rard and Gerazime, Aur{\'e}lie and Guerdoux-Ninot, Estelle and Lognos, B{\'e}atrice and Libourel, Th{\'e}r{\`e}se and Mercier, Gr{\'e}goire and Engberink, Agn{\`e}s Oude and Rapior, Sylvie and others},
  journal={Hegel},
  number={1},
  pages={21--27},
  year={2018},
  publisher={ALN {\'e}ditions}
}

@inproceedings{ratner2017snorkel,
  title={Snorkel: Rapid training data creation with weak supervision},
  author={Ratner, Alexander and Bach, Stephen H and Ehrenberg, Henry and Fries, Jason and Wu, Sen and R{\'e}, Christopher},
  booktitle={Proceedings of the VLDB Endowment. International Conference on Very Large Data Bases},
  volume={11},
  pages={269},
  year={2017},
  organization={NIH Public Access}
}

@article{dunnmon2020cross,
  title={Cross-modal data programming enables rapid medical machine learning},
  author={Dunnmon, Jared A and Ratner, Alexander J and Saab, Khaled and Khandwala, Nishith and Markert, Matthew and Sagreiya, Hersh and Goldman, Roger and Lee-Messer, Christopher and Lungren, Matthew P and Rubin, Daniel L and others},
  journal={Patterns},
  volume={1},
  number={2},
  pages={100019},
  year={2020},
  publisher={Elsevier}
}

%%%%%%%%%%%%%%%%%%%%%%%%%%%%%%%%%%%%%%
% Results
%%%%%%%%%%%%%%%%%%%%%%%%%%%%%%%%%%%%%%

@article{sanchez2022annotated,
  title={An annotated corpus of clinical trial publications supporting schema-based relational information extraction},
  author={Sanchez-Graillet, Olivia and Witte, Christian and Grimm, Frank and Cimiano, Philipp},
  journal={J Biomed Semantics},
  volume={13},
  number={1},
  pages={1--18},
  year={2022},
  publisher={BioMed Central}
}



